<record><leader>00000cas a2200000 a 4500</leader><controlfield tag="001">9552345</controlfield><controlfield tag="008">830527d19421942coucr ne      0   a0eng c</controlfield><datafield ind1=" " ind2=" " tag="010"><subfield code="a">sn 83025521 </subfield></datafield><datafield ind1=" " ind2=" " tag="040"><subfield code="a">NPV</subfield><subfield code="b">eng</subfield><subfield code="c">NPV</subfield><subfield code="d">UNP</subfield><subfield code="d">DLC</subfield><subfield code="d">CNQ</subfield><subfield code="d">CNK</subfield><subfield code="d">DLC</subfield><subfield code="d">CVF</subfield><subfield code="d">ANN</subfield><subfield code="d">OCL</subfield><subfield code="d">DLC</subfield><subfield code="d">OCLCQ</subfield><subfield code="d">OCLCF</subfield><subfield code="d">OCLCO</subfield><subfield code="d">OCL</subfield><subfield code="d">OCLCQ</subfield><subfield code="d">OCLCA</subfield></datafield><datafield ind1="0" ind2=" " tag="041"><subfield code="a">eng</subfield><subfield code="a">jpn</subfield></datafield><datafield ind1=" " ind2=" " tag="042"><subfield code="a">pcc</subfield></datafield><datafield ind1=" " ind2=" " tag="043"><subfield code="a">n-us-co</subfield></datafield><datafield ind1=" " ind2=" " tag="045"><subfield code="a">x4x4</subfield></datafield><datafield ind1="0" ind2="0" tag="050"><subfield code="a">Newspaper</subfield></datafield><datafield ind1=" " ind2=" " tag="052"><subfield code="a">4313</subfield><subfield code="b">P7</subfield></datafield><datafield ind1="0" ind2=" " tag="130"><subfield code="a">Bulletin (Granada, Colo. : 1942)</subfield></datafield><datafield ind1="1" ind2="0" tag="245"><subfield code="a">Bulletin.</subfield></datafield><datafield ind1="1" ind2="3" tag="246"><subfield code="a">Granada bulletin</subfield></datafield><datafield ind1=" " ind2=" " tag="260"><subfield code="a">Granada, Colo. :</subfield><subfield code="b">[Granada Relocation Center],</subfield><subfield code="c">1942.</subfield></datafield><datafield ind1=" " ind2=" " tag="300"><subfield code="a">volumes.</subfield></datafield><datafield ind1=" " ind2=" " tag="310"><subfield code="a">Semiweekly</subfield></datafield><datafield ind1=" " ind2=" " tag="336"><subfield code="a">text</subfield><subfield code="b">txt</subfield><subfield code="2">rdacontent</subfield></datafield><datafield ind1=" " ind2=" " tag="337"><subfield code="a">unmediated</subfield><subfield code="b">n</subfield><subfield code="2">rdamedia</subfield></datafield><datafield ind1=" " ind2=" " tag="338"><subfield code="a">volume</subfield><subfield code="b">nc</subfield><subfield code="2">rdacarrier</subfield></datafield><datafield ind1="0" ind2=" " tag="362"><subfield code="a">Vol. A, no. 1 (Oct. 14, 1942)-v. A, no. 4 (Oct. 24, 1942).</subfield></datafield><datafield ind1="0" ind2=" " tag="490"><subfield code="a">Japanese camp papers</subfield></datafield><datafield ind1=" " ind2=" " tag="500"><subfield code="a">"Temporary publication of Granada Relocation Center."</subfield></datafield><datafield ind1=" " ind2=" " tag="500"><subfield code="a">Collected in Japanese camp papers.</subfield></datafield><datafield ind1=" " ind2=" " tag="530"><subfield code="a">Available on microfilm from the Colorado Historical Society, and the Library of Congress, Photoduplication Service.</subfield></datafield><datafield ind1=" " ind2=" " tag="546"><subfield code="a">In English and Japanese.</subfield></datafield><datafield ind1=" " ind2=" " tag="550"><subfield code="a">Published at the Granada Relocation Center established by the War Relocation Authority.</subfield></datafield><datafield ind1=" " ind2="0" tag="650"><subfield code="a">Japanese newspapers</subfield><subfield code="z">Colorado</subfield><subfield code="z">Granada.</subfield></datafield><datafield ind1=" " ind2="0" tag="650"><subfield code="a">Japanese Americans</subfield><subfield code="z">Colorado</subfield><subfield code="v">Newspapers.</subfield></datafield><datafield ind1=" " ind2="0" tag="651"><subfield code="a">Granada (Colo.)</subfield><subfield code="v">Newspapers.</subfield></datafield><datafield ind1=" " ind2="0" tag="651"><subfield code="a">Prowers County (Colo.)</subfield><subfield code="v">Newspapers.</subfield></datafield><datafield ind1=" " ind2="7" tag="650"><subfield code="a">Japanese newspapers.</subfield><subfield code="2">fast</subfield><subfield code="0">(OCoLC)fst00981873</subfield></datafield><datafield ind1=" " ind2="7" tag="650"><subfield code="a">Japanese Americans.</subfield><subfield code="2">fast</subfield><subfield code="0">(OCoLC)fst00981441</subfield></datafield><datafield ind1=" " ind2="7" tag="651"><subfield code="a">Colorado.</subfield><subfield code="2">fast</subfield><subfield code="0">(OCoLC)fst01210251</subfield></datafield><datafield ind1=" " ind2="7" tag="651"><subfield code="a">Colorado</subfield><subfield code="z">Granada.</subfield><subfield code="2">fast</subfield><subfield code="0">(OCoLC)fst01256574</subfield></datafield><datafield ind1=" " ind2="7" tag="651"><subfield code="a">Colorado</subfield><subfield code="z">Prowers County.</subfield><subfield code="2">fast</subfield><subfield code="0">(OCoLC)fst01223120</subfield></datafield><datafield ind1=" " ind2="7" tag="655"><subfield code="a">Newspapers.</subfield><subfield code="2">fast</subfield><subfield code="0">(OCoLC)fst01423814</subfield></datafield><datafield ind1="2" ind2=" " tag="710"><subfield code="a">Granada Relocation Center.</subfield></datafield><datafield ind1="1" ind2=" " tag="710"><subfield code="a">United States.</subfield><subfield code="b">War Relocation Authority.</subfield></datafield><datafield ind1="0" ind2=" " tag="730"><subfield code="a">Japanese camp papers.</subfield></datafield><datafield ind1=" " ind2=" " tag="752"><subfield code="a">United States</subfield><subfield code="b">Colorado</subfield><subfield code="c">Prowers</subfield><subfield code="d">Granada.</subfield></datafield><datafield ind1="0" ind2="0" tag="785"><subfield code="t">Granada pioneer</subfield><subfield code="w">(DLC)sn 83025522</subfield><subfield code="w">(OCoLC)9552483</subfield></datafield><datafield ind1="1" ind2=" " tag="029"><subfield code="a">AU@</subfield><subfield code="b">000020276390</subfield></datafield></record>